
> box-trader@0.0.1 start /Users/manan/projects/personal/box-trader
> npm run build && node -r source-map-support/register dist/trader/abot.js


> box-trader@0.0.1 build /Users/manan/projects/personal/box-trader
> rm -rf dist/ && babel src -d dist --source-maps

Successfully compiled 33 files with Babel.
------------ 1587911504713 -----------------}
{"ebdata":{"sequence":"1583290458728","asks":[["0.025864","10.4564696"],["0.025866","5"],["0.025868","7.5067468"],["0.025869","1.5142567"],["0.025871","8"],["0.025874","0.0679918"],["0.025875","5.8663834"],["0.025876","4.3842003"],["0.025877","10.5216666"],["0.025884","0.26657"],["0.025896","0.0007882"],["0.025898","32.9302068"],["0.025899","36.6937041"],["0.025903","1.6534295"],["0.02591","0.2663"],["0.02592","0.3708999"],["0.025924","7.1206278"],["0.025925","0.6842808"],["0.025926","0.0920463"],["0.02593","5.4999108"]],"bids":[["0.025863","8.2122894"],["0.025861","1.2561479"],["0.02586","0.2021"],["0.025858","1"],["0.025856","5"],["0.025855","4.99"],["0.025854","1"],["0.025853","0.8768434"],["0.025852","0.1314143"],["0.025851","4.3829902"],["0.025846","10.5220806"],["0.025832","0.26684"],["0.025827","0.277225"],["0.025824","0.2338377"],["0.025823","43.5064392"],["0.025822","5.04261"],["0.025814","0.035792"],["0.025811","2.3405709"],["0.025809","2.6174549"],["0.025808","0.00046"]],"time":1587911505680},"obdata":{"sequence":"1583621724141","asks":[["0.00000882","5197.49804626"],["0.00000883","1.0515"],["0.00000884","139.9442"],["0.00000885","214.4009"],["0.00000888","91.1635"],["0.0000089","214.4009"],["0.00000894","214.4009"],["0.00000895","1.0515"],["0.00000897","91.1635"],["0.00000898","13.8235"],["0.00000899","10178.2262"],["0.00000903","214.4009"],["0.00000905","15483.135"],["0.00000907","1.0515"],["0.00000908","214.4009"],["0.00000912","214.4009"],["0.00000913","91.1635"],["0.00000914","10188.8998"],["0.00000915","29566.7807"],["0.00000917","214.4009"]],"bids":[["0.00000881","20351.321"],["0.00000876","214.401"],["0.00000875","43.671"],["0.00000872","42303.8361"],["0.00000871","214.4009"],["0.00000867","214.4009"],["0.00000863","3865.3118"],["0.00000862","214.4009"],["0.00000858","215.4524"],["0.00000855","91.1635"],["0.00000853","590.1523"],["0.00000852","6566.1589"],["0.00000851","16036.7108"],["0.0000085","50740.144"],["0.00000849","2073.0036"],["0.00000846","380.7077"],["0.00000845","1497.8234"],["0.00000844","8079.1607"],["0.00000843","8646.87"],["0.0000084","33029.8354"]],"time":1587911505870},"oedata":{"sequence":"1583086632153","asks":[["0.00034489","269.8082"],["0.00034505","349.9448"],["0.00034629","2503.1691"],["0.0003463","2503.1691"],["0.00034639","2752.2257"],["0.00034678","2503.1691"],["0.00034709","15139.8366"],["0.0003489","1.2402"],["0.00035057","41903.3235"],["0.00035299","1.2402"],["0.00035531","100"],["0.00035707","1.2402"],["0.00035724","1177.1959"],["0.00036116","1.2402"],["0.00036213","50"],["0.00036219","250"],["0.00036525","1.2402"],["0.00036906","279.0879"],["0.00036933","1.2402"],["0.00037341","158.9438"]],"bids":[["0.00034089","15139.8366"],["0.00034073","1.2402"],["0.00034055","5297.5271"],["0.00033748","42161.4411"],["0.00033664","67.3562"],["0.00033291","919.9613"],["0.0003329","161.1303"],["0.00033255","1.2402"],["0.00032909","7862.7208"],["0.00032908","18625.2612"],["0.00032907","375.308"],["0.00032883","4515.8853"],["0.00032851","15220.3598"],["0.00032847","1.2402"],["0.0003257","5822.0091"],["0.00032438","1.2402"],["0.00032029","0.0001"],["0.00031647","1579.9285"],["0.00031646","5225.8202"],["0.00031621","1.2402"]],"time":1587911506148}}
.......OCEAN <-> BTC <-> ETH <-> OCEAN ......
No opportunity
.......OCEAN <-> ETH <-> BTC <-> OCEAN ......
No opportunity
.......BTC <-> OCEAN <-> ETH <-> BTC ......
No opportunity
.......BTC <-> ETH <-> OCEAN <-> BTC ......
No opportunity
.......ETH <-> BTC <-> OCEAN <-> ETH ......
No opportunity
.......ETH <-> OCEAN <-> BTC <-> ETH ......
No opportunity
------------ 1587911507724 -----------------}
{"ebdata":{"sequence":"1583290458761","asks":[["0.025864","10.4564696"],["0.025866","5"],["0.025868","7.5067468"],["0.025869","1.5142567"],["0.025871","8"],["0.025875","5.8663834"],["0.025876","4.452196"],["0.025877","10.5216666"],["0.025884","0.26657"],["0.025896","0.0007882"],["0.025898","32.9302068"],["0.025899","36.6937041"],["0.025903","1.6534295"],["0.02591","0.2663"],["0.02592","0.3708999"],["0.025924","7.1206278"],["0.025925","0.6842808"],["0.025926","0.0920463"],["0.02593","5.4999108"],["0.025931","366.5123456"]],"bids":[["0.025863","8.2122894"],["0.025859","1.4655479"],["0.025858","1"],["0.025856","10.2357429"],["0.025855","4.99"],["0.025854","1"],["0.025853","0.8768434"],["0.025852","0.1314143"],["0.025851","4.3829902"],["0.025846","10.5220806"],["0.025832","0.26684"],["0.025827","0.277225"],["0.025824","0.2338377"],["0.025823","43.5064392"],["0.025822","5.04261"],["0.025814","0.035792"],["0.025811","2.3405709"],["0.025809","2.6174549"],["0.025808","0.00046"],["0.025806","6.92711"]],"time":1587911508603},"obdata":{"sequence":"1583621724144","asks":[["0.00000882","5197.49804626"],["0.00000883","1.0515"],["0.00000884","139.9442"],["0.00000885","214.4009"],["0.00000888","91.1635"],["0.0000089","214.4009"],["0.00000894","214.4009"],["0.00000895","1.0515"],["0.00000897","91.1635"],["0.00000898","13.8235"],["0.00000899","10178.2262"],["0.00000903","214.4009"],["0.00000905","15483.135"],["0.00000907","1.0515"],["0.00000908","214.4009"],["0.00000912","214.4009"],["0.00000913","91.1635"],["0.00000914","10188.8998"],["0.00000915","29566.7807"],["0.00000917","214.4009"]],"bids":[["0.00000881","20351.321"],["0.00000876","214.401"],["0.00000875","43.671"],["0.00000872","42303.8361"],["0.00000871","214.4009"],["0.00000867","214.4009"],["0.00000863","3865.3118"],["0.00000862","214.4009"],["0.00000858","215.4524"],["0.00000855","91.1635"],["0.00000853","590.1523"],["0.00000852","6566.1589"],["0.00000851","16036.7108"],["0.0000085","50740.144"],["0.00000849","2073.0036"],["0.00000846","380.7077"],["0.00000845","1497.8234"],["0.00000844","8079.1607"],["0.00000843","8646.87"],["0.0000084","33029.8354"]],"time":1587911508907},"oedata":{"sequence":"1583086632161","asks":[["0.00034489","269.8082"],["0.00034505","349.9448"],["0.00034629","2503.1691"],["0.0003463","2503.1691"],["0.00034639","2752.2257"],["0.00034678","2503.1691"],["0.00034709","15139.8366"],["0.0003489","1.2402"],["0.00035057","41903.3235"],["0.00035299","1.2402"],["0.00035531","100"],["0.00035707","1.2402"],["0.00035724","1177.1959"],["0.00036116","1.2402"],["0.00036213","50"],["0.00036219","250"],["0.00036525","1.2402"],["0.00036906","279.0879"],["0.00036933","1.2402"],["0.00037341","158.9438"]],"bids":[["0.00034089","15139.8366"],["0.00034073","1.2402"],["0.00034055","5297.5271"],["0.00033748","42161.4411"],["0.00033664","67.3562"],["0.00033292","159.911"],["0.00033255","1.2402"],["0.0003291","375.308"],["0.00032909","7862.7208"],["0.00032908","18625.2612"],["0.00032883","4515.8853"],["0.00032851","15220.3598"],["0.00032847","1.2402"],["0.0003257","5822.0091"],["0.00032438","1.2402"],["0.00032029","0.0001"],["0.00031647","1579.9285"],["0.00031646","5225.8202"],["0.00031621","1.2402"],["0.00031212","1.2402"]],"time":1587911509433}}
.......OCEAN <-> BTC <-> ETH <-> OCEAN ......
No opportunity
.......OCEAN <-> ETH <-> BTC <-> OCEAN ......
No opportunity
.......BTC <-> OCEAN <-> ETH <-> BTC ......
No opportunity
.......BTC <-> ETH <-> OCEAN <-> BTC ......
No opportunity
.......ETH <-> BTC <-> OCEAN <-> ETH ......
No opportunity
.......ETH <-> OCEAN <-> BTC <-> ETH ......
No opportunity
------------ 1587911511011 -----------------}
{"ebdata":{"sequence":"1583290458833","asks":[["0.025864","10.1198369"],["0.025866","5"],["0.025868","7.5067468"],["0.025869","1.5142567"],["0.02587","0.8757549"],["0.025871","8"],["0.025875","4.99"],["0.025876","4.4520547"],["0.025877","10.5216666"],["0.025884","0.26657"],["0.025896","0.0007882"],["0.025898","32.9302068"],["0.025899","36.6937041"],["0.025903","1.6534295"],["0.02591","0.2663"],["0.02592","0.3708999"],["0.025924","7.1206278"],["0.025925","0.6842808"],["0.025926","0.0920463"],["0.02593","5.4999108"]],"bids":[["0.025863","8.2122894"],["0.025859","1.5790479"],["0.025856","11.2357429"],["0.025855","4.99"],["0.025854","1"],["0.025853","0.8768434"],["0.025852","0.1314143"],["0.025851","4.3829902"],["0.025842","10.5104402"],["0.025832","0.26684"],["0.025827","0.277225"],["0.025824","0.2338377"],["0.025823","43.5064392"],["0.025822","5.04261"],["0.025814","0.035792"],["0.025811","2.3405709"],["0.025809","2.6174549"],["0.025808","0.00046"],["0.025806","6.92711"],["0.025805","2.62326"]],"time":1587911511655},"obdata":{"sequence":"1583621724145","asks":[["0.00000882","5197.49804626"],["0.00000883","1.0515"],["0.00000884","139.9442"],["0.00000885","214.4009"],["0.00000888","91.1635"],["0.0000089","214.4009"],["0.00000894","214.4009"],["0.00000895","1.0515"],["0.00000897","91.1635"],["0.00000898","13.8235"],["0.00000899","10178.2262"],["0.00000903","214.4009"],["0.00000905","15483.135"],["0.00000907","1.0515"],["0.00000908","214.4009"],["0.00000912","214.4009"],["0.00000913","91.1635"],["0.00000914","10188.8998"],["0.00000915","29566.7807"],["0.00000917","214.4009"]],"bids":[["0.00000881","20351.321"],["0.00000876","214.401"],["0.00000875","43.671"],["0.00000872","42303.8361"],["0.00000871","214.4009"],["0.00000867","214.4009"],["0.00000863","3865.3118"],["0.00000862","214.4009"],["0.00000858","215.4524"],["0.00000855","91.1635"],["0.00000853","590.1523"],["0.00000852","6566.1589"],["0.00000851","16036.7108"],["0.0000085","50740.144"],["0.00000849","2073.0036"],["0.00000846","380.7077"],["0.00000845","1497.8234"],["0.00000844","8079.1607"],["0.00000843","8646.87"],["0.0000084","33029.8354"]],"time":1587911512120},"oedata":{"sequence":"1583086632166","asks":[["0.00034489","269.8082"],["0.00034505","349.9448"],["0.00034629","2503.1691"],["0.0003463","2503.1691"],["0.00034639","2752.2257"],["0.00034678","2503.1691"],["0.00034709","15139.8366"],["0.0003489","1.2402"],["0.00035057","41903.3235"],["0.00035299","1.2402"],["0.00035531","100"],["0.00035707","1.2402"],["0.00035724","1177.1959"],["0.00036116","1.2402"],["0.00036213","50"],["0.00036219","250"],["0.00036525","1.2402"],["0.00036906","279.0879"],["0.00036933","1.2402"],["0.00037341","158.9438"]],"bids":[["0.00034089","15139.8366"],["0.00034073","1.2402"],["0.00034055","5297.5271"],["0.00033748","42161.4411"],["0.00033664","67.3562"],["0.00033293","919.9613"],["0.00033292","159.911"],["0.00033255","1.2402"],["0.0003291","375.308"],["0.00032909","7862.7208"],["0.00032883","4515.8853"],["0.00032851","15220.3598"],["0.00032847","1.2402"],["0.0003257","5822.0091"],["0.00032438","1.2402"],["0.00032029","0.0001"],["0.00031647","1579.9285"],["0.00031646","5225.8202"],["0.00031621","1.2402"],["0.00031212","1.2402"]],"time":1587911512416}}
.......OCEAN <-> BTC <-> ETH <-> OCEAN ......
No opportunity
.......OCEAN <-> ETH <-> BTC <-> OCEAN ......
No opportunity
.......BTC <-> OCEAN <-> ETH <-> BTC ......
No opportunity
.......BTC <-> ETH <-> OCEAN <-> BTC ......
No opportunity
.......ETH <-> BTC <-> OCEAN <-> ETH ......
No opportunity
.......ETH <-> OCEAN <-> BTC <-> ETH ......
No opportunity
------------ 1587911514071 -----------------}
{"ebdata":{"sequence":"1583290458941","asks":[["0.025864","4.2542939"],["0.025866","6.4912315"],["0.025868","7.5067468"],["0.025869","1.5142567"],["0.02587","5.8757549"],["0.025874","0.0674159"],["0.025875","12.99"],["0.025876","4.3842003"],["0.025877","10.5216666"],["0.025884","0.26657"],["0.025896","0.0007882"],["0.025898","32.9302068"],["0.025899","36.6937041"],["0.025903","1.6534295"],["0.02591","0.2663"],["0.02592","0.3708999"],["0.025924","7.1206278"],["0.025925","0.6842808"],["0.025926","0.0920463"],["0.02593","5.4999108"]],"bids":[["0.025863","8.5099894"],["0.02586","6.2561479"],["0.025857","1"],["0.025856","5.2357429"],["0.025855","5.8667591"],["0.025854","1"],["0.025853","0.134401"],["0.025851","4.3829902"],["0.025832","0.26684"],["0.025827","0.277225"],["0.025824","0.2338377"],["0.025823","43.5064392"],["0.025822","5.04261"],["0.025816","2.3907591"],["0.025814","0.035792"],["0.025813","2.7001013"],["0.025811","0.0020911"],["0.025809","0.0078713"],["0.025808","0.00046"],["0.025806","6.92711"]],"time":1587911514751},"obdata":{"sequence":"1583621724145","asks":[["0.00000882","5197.49804626"],["0.00000883","1.0515"],["0.00000884","139.9442"],["0.00000885","214.4009"],["0.00000888","91.1635"],["0.0000089","214.4009"],["0.00000894","214.4009"],["0.00000895","1.0515"],["0.00000897","91.1635"],["0.00000898","13.8235"],["0.00000899","10178.2262"],["0.00000903","214.4009"],["0.00000905","15483.135"],["0.00000907","1.0515"],["0.00000908","214.4009"],["0.00000912","214.4009"],["0.00000913","91.1635"],["0.00000914","10188.8998"],["0.00000915","29566.7807"],["0.00000917","214.4009"]],"bids":[["0.00000881","20351.321"],["0.00000876","214.401"],["0.00000875","43.671"],["0.00000872","42303.8361"],["0.00000871","214.4009"],["0.00000867","214.4009"],["0.00000863","3865.3118"],["0.00000862","214.4009"],["0.00000858","215.4524"],["0.00000855","91.1635"],["0.00000853","590.1523"],["0.00000852","6566.1589"],["0.00000851","16036.7108"],["0.0000085","50740.144"],["0.00000849","2073.0036"],["0.00000846","380.7077"],["0.00000845","1497.8234"],["0.00000844","8079.1607"],["0.00000843","8646.87"],["0.0000084","33029.8354"]],"time":1587911514973},"oedata":{"sequence":"1583086632182","asks":[["0.00034488","5197.498"],["0.00034489","269.8082"],["0.00034505","349.9448"],["0.00034629","2503.1691"],["0.0003463","2503.1691"],["0.00034639","2752.2257"],["0.00034678","2503.1691"],["0.0003489","1.2402"],["0.00035299","1.2402"],["0.00035531","100"],["0.00035707","1.2402"],["0.00035724","1177.1959"],["0.00036116","1.2402"],["0.00036213","50"],["0.00036219","250"],["0.00036525","1.2402"],["0.00036906","279.0879"],["0.00036933","1.2402"],["0.00037341","158.9438"],["0.00037342","1.2402"]],"bids":[["0.0003409","15139.8366"],["0.00034073","1.2402"],["0.00034053","5297.8382"],["0.00033748","58.1197"],["0.00033664","67.3562"],["0.00033294","160.7885"],["0.00033293","919.9613"],["0.00033255","1.2402"],["0.00032911","18623.5634"],["0.0003291","375.308"],["0.00032909","7862.7208"],["0.00032883","4515.8853"],["0.00032851","15220.3598"],["0.00032847","1.2402"],["0.0003257","5822.0091"],["0.00032438","1.2402"],["0.00032029","0.0001"],["0.00031647","1579.9285"],["0.00031646","5225.8202"],["0.00031621","1.2402"]],"time":1587911515242}}
.......OCEAN <-> BTC <-> ETH <-> OCEAN ......
No opportunity
.......OCEAN <-> ETH <-> BTC <-> OCEAN ......
No opportunity
.......BTC <-> OCEAN <-> ETH <-> BTC ......
No opportunity
.......BTC <-> ETH <-> OCEAN <-> BTC ......
No opportunity
.......ETH <-> BTC <-> OCEAN <-> ETH ......
No opportunity
.......ETH <-> OCEAN <-> BTC <-> ETH ......
No opportunity
------------ 1587911516839 -----------------}
{"ebdata":{"sequence":"1583290459111","asks":[["0.025864","0.0134202"],["0.025865","3.2227"],["0.025867","4.2542939"],["0.025869","3.6436882"],["0.025871","7.5067468"],["0.025872","5"],["0.025874","0.8754769"],["0.025875","4.99"],["0.025876","4.3842003"],["0.025878","8"],["0.025883","0.0664174"],["0.025884","0.26657"],["0.025887","10.5053937"],["0.025896","0.0007882"],["0.025898","32.9302068"],["0.025899","36.6937041"],["0.025903","1.6534295"],["0.02591","0.2663"],["0.02592","0.3708999"],["0.025924","7.1206278"]],"bids":[["0.025863","9.7661373"],["0.025862","5"],["0.025861","1"],["0.025857","1.1243647"],["0.025856","5.2357429"],["0.025855","5.8667591"],["0.025851","4.3829902"],["0.025844","10.5067963"],["0.025833","36.7647058"],["0.025832","11.8803424"],["0.025827","0.277225"],["0.025824","0.2338377"],["0.025822","5.04261"],["0.025818","2.4000634"],["0.025814","0.035792"],["0.025811","0.0020911"],["0.025809","0.0078713"],["0.025808","0.00046"],["0.025806","6.92711"],["0.025803","22.21"]],"time":1587911517470},"obdata":{"sequence":"1583621724149","asks":[["0.00000882","5197.49804626"],["0.00000883","1.0515"],["0.00000884","139.9442"],["0.00000885","214.4009"],["0.00000888","91.1635"],["0.0000089","214.4009"],["0.00000894","214.4009"],["0.00000895","1.0515"],["0.00000897","91.1635"],["0.00000898","13.8235"],["0.00000899","10178.2262"],["0.00000903","214.4009"],["0.00000905","15483.135"],["0.00000907","1.0515"],["0.00000908","214.4009"],["0.00000912","214.4009"],["0.00000913","91.1635"],["0.00000914","10188.8998"],["0.00000915","29566.7807"],["0.00000917","214.4009"]],"bids":[["0.00000881","20351.1658"],["0.00000876","214.401"],["0.00000875","43.671"],["0.00000872","42303.8361"],["0.00000871","214.4009"],["0.00000867","214.4009"],["0.00000863","91.1635"],["0.00000862","214.4009"],["0.00000858","215.4524"],["0.00000855","91.1635"],["0.00000853","590.1523"],["0.00000852","6566.1589"],["0.00000851","16036.7108"],["0.0000085","50740.144"],["0.00000849","2073.0036"],["0.00000846","380.7077"],["0.00000845","1497.8234"],["0.00000844","8079.1607"],["0.00000843","8646.87"],["0.0000084","33029.8354"]],"time":1587911517719},"oedata":{"sequence":"1583086632197","asks":[["0.00034488","5197.498"],["0.00034489","269.8082"],["0.00034505","349.9448"],["0.00034629","2503.1691"],["0.0003463","2503.1691"],["0.00034639","2752.2257"],["0.00034678","2503.1691"],["0.0003471","15139.8366"],["0.0003489","1.2402"],["0.00035058","41903.3235"],["0.00035299","1.2402"],["0.00035531","100"],["0.00035707","1.2402"],["0.00035724","1177.1959"],["0.00036116","1.2402"],["0.00036213","50"],["0.00036219","250"],["0.00036525","1.2402"],["0.00036906","279.0879"],["0.00036933","1.2402"]],"bids":[["0.0003409","15139.8366"],["0.00034073","1.2402"],["0.00034053","5297.8382"],["0.00033749","42103.3214"],["0.00033748","58.1197"],["0.00033664","67.3562"],["0.00033294","160.7885"],["0.00033293","919.9613"],["0.00033255","1.2402"],["0.00032912","4374.5807"],["0.00032911","18623.5634"],["0.0003291","375.308"],["0.00032883","4515.8853"],["0.00032851","15220.3598"],["0.00032847","1.2402"],["0.0003257","5822.0091"],["0.00032438","1.2402"],["0.00032029","0.0001"],["0.00031647","1579.9285"],["0.00031646","5225.8202"]],"time":1587911517918}}
.......OCEAN <-> BTC <-> ETH <-> OCEAN ......
No opportunity
.......OCEAN <-> ETH <-> BTC <-> OCEAN ......
No opportunity
.......BTC <-> OCEAN <-> ETH <-> BTC ......
No opportunity
.......BTC <-> ETH <-> OCEAN <-> BTC ......
No opportunity
.......ETH <-> BTC <-> OCEAN <-> ETH ......
No opportunity
.......ETH <-> OCEAN <-> BTC <-> ETH ......
No opportunity
